@article{self2seg,
  title={Self2Seg: Single-Image Self-Supervised Joint Segmentation and Denoising},
  author={Gruber, Nadja and Schwab, J. and Debroux, N. and Papadakis, N. and Haltmeier, M.},
  journal={arXiv preprint arXiv:2203.12345},
  year={2022}
}

@article{BEVContrast,
  title={BEVContrast: Self-Supervision in BEV Space for Automotive Lidar Point Clouds},
  author={Doe, J. and Smith, A.},
  journal={Proceedings of CVPR},
  year={2021}
}


